<?xml version="1.0" encoding="UTF-8"?><collection xmlns="http://www.loc.gov/MARC21/slim"><record><leader>00545nam--2200193-i-4500</leader><controlfield tag="001">000036984</controlfield><controlfield tag="002">20161230</controlfield><controlfield tag="005">20161230201041</controlfield><controlfield tag="008">060222s1000------------r-----000-0-eng-d</controlfield><datafield ind1=" " ind2=" " tag="020"><subfield code="a">0716711087</subfield></datafield><datafield ind1=" " ind2=" " tag="040"><subfield code="a">IFIN-HH</subfield></datafield><datafield ind1=" " ind2=" " tag="080"><subfield code="a">536.7</subfield></datafield><datafield ind1="1" ind2=" " tag="100"><subfield code="a">Prigogine, Ilya</subfield></datafield><datafield ind1="1" ind2="0" tag="245"><subfield code="a">From being to becoming</subfield><subfield code="b">Time and complexity in the physical sciences</subfield><subfield code="c">Ilya prigogine</subfield></datafield><datafield ind1=" " ind2=" " tag="260"><subfield code="a">San Francisco</subfield><subfield code="b">W.H.Freeman And Company</subfield><subfield code="c">1980</subfield></datafield><datafield ind1=" " ind2=" " tag="300"><subfield code="a">XIX + 272P</subfield></datafield><datafield ind1="1" ind2=" " tag="650"><subfield code="a">Physics-philosophy</subfield></datafield><datafield ind1=" " ind2=" " tag="852"><subfield code="a">70158</subfield><subfield code="c">536.7</subfield></datafield><datafield ind1=" " ind2=" " tag="CAT"><subfield code="a">Sys</subfield><subfield code="c">20110601</subfield><subfield code="h">094849</subfield></datafield></record></collection>